%YAML 1.1
%TAG !u! tag:unity3d.com,2011:
--- !u!1 &1055555874548229922
GameObject:
  m_ObjectHideFlags: 0
  m_CorrespondingSourceObject: {fileID: 0}
  m_PrefabInstance: {fileID: 0}
  m_PrefabAsset: {fileID: 0}
  serializedVersion: 6
  m_Component:
  - component: {fileID: 6487900844527310274}
  - component: {fileID: -5441826686754567732}
  - component: {fileID: 3096219326086063187}
  m_Layer: 9
  m_Name: Explorer House
  m_TagString: Building
  m_Icon: {fileID: 0}
  m_NavMeshLayer: 0
  m_StaticEditorFlags: 0
  m_IsActive: 1
--- !u!4 &6487900844527310274
Transform:
  m_ObjectHideFlags: 0
  m_CorrespondingSourceObject: {fileID: 0}
  m_PrefabInstance: {fileID: 0}
  m_PrefabAsset: {fileID: 0}
  m_GameObject: {fileID: 1055555874548229922}
  serializedVersion: 2
  m_LocalRotation: {x: 0, y: 0, z: 0, w: 1}
  m_LocalPosition: {x: 0, y: 0, z: 0}
  m_LocalScale: {x: 0.6, y: 0.6, z: 0.6}
  m_ConstrainProportionsScale: 1
  m_Children:
  - {fileID: 252319029748018480}
  m_Father: {fileID: 0}
  m_LocalEulerAnglesHint: {x: 0, y: 0, z: 0}
--- !u!114 &-5441826686754567732
MonoBehaviour:
  m_ObjectHideFlags: 0
  m_CorrespondingSourceObject: {fileID: 0}
  m_PrefabInstance: {fileID: 0}
  m_PrefabAsset: {fileID: 0}
  m_GameObject: {fileID: 1055555874548229922}
  m_Enabled: 1
  m_EditorHideFlags: 0
  m_Script: {fileID: 11500000, guid: ae9db929cf036f305b5025c46ff126ad, type: 3}
  m_Name: 
  m_EditorClassIdentifier: 
  buildPoints: 0
  requiredReadyPoints: 10
  isReady: 0
  originals: []
  wireframe: {fileID: 2100000, guid: 12f0aefdbb2891aa9a1b32451379dc16, type: 2}
  meshRenderer: {fileID: 5292756618665384777}
  col: {fileID: 0}
--- !u!135 &3096219326086063187
SphereCollider:
  m_ObjectHideFlags: 0
  m_CorrespondingSourceObject: {fileID: 0}
  m_PrefabInstance: {fileID: 0}
  m_PrefabAsset: {fileID: 0}
  m_GameObject: {fileID: 1055555874548229922}
  m_Material: {fileID: 0}
  m_IncludeLayers:
    serializedVersion: 2
    m_Bits: 0
  m_ExcludeLayers:
    serializedVersion: 2
    m_Bits: 0
  m_LayerOverridePriority: 0
  m_IsTrigger: 1
  m_ProvidesContacts: 0
  m_Enabled: 0
  serializedVersion: 3
  m_Radius: 2.5
  m_Center: {x: 0, y: 0, z: 1.5}
--- !u!1001 &4434287568214371742
PrefabInstance:
  m_ObjectHideFlags: 0
  serializedVersion: 2
  m_Modification:
    serializedVersion: 3
    m_TransformParent: {fileID: 6487900844527310274}
    m_Modifications:
    - target: {fileID: 2920103465826608344, guid: e970cb4a3b311a8889e267526516141c, type: 3}
      propertyPath: m_Name
      value: Explorer House Model
      objectReference: {fileID: 0}
    - target: {fileID: 2920103465826608344, guid: e970cb4a3b311a8889e267526516141c, type: 3}
      propertyPath: m_Layer
      value: 9
      objectReference: {fileID: 0}
    - target: {fileID: 4470293078290890926, guid: e970cb4a3b311a8889e267526516141c, type: 3}
      propertyPath: m_LocalPosition.x
      value: 0
      objectReference: {fileID: 0}
    - target: {fileID: 4470293078290890926, guid: e970cb4a3b311a8889e267526516141c, type: 3}
      propertyPath: m_LocalPosition.y
      value: 0
      objectReference: {fileID: 0}
    - target: {fileID: 4470293078290890926, guid: e970cb4a3b311a8889e267526516141c, type: 3}
      propertyPath: m_LocalPosition.z
      value: 0
      objectReference: {fileID: 0}
    - target: {fileID: 4470293078290890926, guid: e970cb4a3b311a8889e267526516141c, type: 3}
      propertyPath: m_LocalRotation.w
      value: 0.50000006
      objectReference: {fileID: 0}
    - target: {fileID: 4470293078290890926, guid: e970cb4a3b311a8889e267526516141c, type: 3}
      propertyPath: m_LocalRotation.x
      value: 0.5
      objectReference: {fileID: 0}
    - target: {fileID: 4470293078290890926, guid: e970cb4a3b311a8889e267526516141c, type: 3}
      propertyPath: m_LocalRotation.y
      value: -0.5
      objectReference: {fileID: 0}
    - target: {fileID: 4470293078290890926, guid: e970cb4a3b311a8889e267526516141c, type: 3}
      propertyPath: m_LocalRotation.z
      value: 0.49999997
      objectReference: {fileID: 0}
    - target: {fileID: 4470293078290890926, guid: e970cb4a3b311a8889e267526516141c, type: 3}
      propertyPath: m_LocalEulerAnglesHint.x
      value: 0
      objectReference: {fileID: 0}
    - target: {fileID: 4470293078290890926, guid: e970cb4a3b311a8889e267526516141c, type: 3}
      propertyPath: m_LocalEulerAnglesHint.y
      value: 0
      objectReference: {fileID: 0}
    - target: {fileID: 4470293078290890926, guid: e970cb4a3b311a8889e267526516141c, type: 3}
      propertyPath: m_LocalEulerAnglesHint.z
      value: 0
      objectReference: {fileID: 0}
    m_RemovedComponents: []
    m_RemovedGameObjects: []
    m_AddedGameObjects: []
    m_AddedComponents: []
  m_SourcePrefab: {fileID: 100100000, guid: e970cb4a3b311a8889e267526516141c, type: 3}
--- !u!4 &252319029748018480 stripped
Transform:
  m_CorrespondingSourceObject: {fileID: 4470293078290890926, guid: e970cb4a3b311a8889e267526516141c, type: 3}
  m_PrefabInstance: {fileID: 4434287568214371742}
  m_PrefabAsset: {fileID: 0}
--- !u!23 &5292756618665384777 stripped
MeshRenderer:
  m_CorrespondingSourceObject: {fileID: 8429162999406458583, guid: e970cb4a3b311a8889e267526516141c, type: 3}
  m_PrefabInstance: {fileID: 4434287568214371742}
  m_PrefabAsset: {fileID: 0}
